@article{wilson2020bayesian,
  title   = {Bayesian deep learning and a probabilistic perspective of generalization},
  author  = {Wilson, Andrew G and Izmailov, Pavel},
  journal = {Advances in neural information processing systems},
  volume  = {33},
  pages   = {4697--4708},
  year    = {2020}
}

@inproceedings{farquhar2020radial,
  title        = {Radial bayesian neural networks: Beyond discrete support in large-scale bayesian deep learning},
  author       = {Farquhar, Sebastian and Osborne, Michael A and Gal, Yarin},
  booktitle    = {International Conference on Artificial Intelligence and Statistics},
  pages        = {1352--1362},
  year         = {2020},
  organization = {PMLR}
}

@inproceedings{gal2016dropout,
  title        = {Dropout as a bayesian approximation: Representing model uncertainty in deep learning},
  author       = {Gal, Yarin and Ghahramani, Zoubin},
  booktitle    = {International Conference on Machine Learning},
  pages        = {1050--1059},
  year         = {2016},
  organization = {PMLR}
}
 
@article{coker2021wide,
  title   = {Wide Mean-Field Variational Bayesian Neural Networks Ignore the Data},
  journal = {International Conference on Machine Learning},
  year    = {2021},
  pages   = {1--15},
  author  = {Coker, Beau and Pan, Weiwei and Doshi-Velez, Finale}
}

@article{lakshminarayanan2017simple,
  title   = {Simple and scalable predictive uncertainty estimation using deep ensembles},
  author  = {Lakshminarayanan, Balaji and Pritzel, Alexander and Blundell, Charles},
  journal = {Advances in neural information processing systems},
  volume  = {30},
  year    = {2017}
}

@article{kingma2015variational,
  title   = {Variational dropout and the local reparameterization trick},
  author  = {Kingma, Durk P and Salimans, Tim and Welling, Max},
  journal = {Advances in Neural Information Processing Systems},
  volume  = {28},
  year    = {2015}
}

@article{rajpurkar2017mura,
  title   = {Mura: Large dataset for abnormality detection in musculoskeletal radiographs},
  author  = {Rajpurkar, Pranav and Irvin, Jeremy and Bagul, Aarti and Ding, Daisy and Duan, Tony and Mehta, Hershel and Yang, Brandon and Zhu, Kaylie and Laird, Dillon and Ball, Robyn L and others},
  journal = {arXiv preprint arXiv:1712.06957},
  year    = {2017}
}

@article{daxberger2021laplace,
  title   = {Laplace Redux-Effortless Bayesian Deep Learning},
  author  = {Daxberger, Erik and Kristiadi, Agustinus and Immer, Alexander and Eschenhagen, Runa and Bauer, Matthias and Hennig, Philipp},
  journal = {Advances in Neural Information Processing Systems},
  volume  = {34},
  year    = {2021}
}
